
@book{montesi2014choreographic,
  title     = {Choreographic programming},
  author    = {Montesi, Fabrizio},
  year      = {2014},
  publisher = {IT-Universitetet i K{\o}benhavn}
}

@article{alur2005realizability,
  title     = {Realizability and verification of MSC graphs},
  author    = {Alur, Rajeev and Etessami, Kousha and Yannakakis, Mihalis},
  journal   = {Theoretical Computer Science},
  volume    = {331},
  number    = {1},
  pages     = {97--114},
  year      = {2005},
  publisher = {Elsevier}
}

@inproceedings{honda2008multiparty,
  title     = {Multiparty asynchronous session types},
  author    = {Honda, Kohei and Yoshida, Nobuko and Carbone, Marco},
  booktitle = {Proceedings of the 35th annual ACM SIGPLAN-SIGACT symposium on Principles of programming languages},
  pages     = {273--284},
  year      = {2008}
}

@techreport{MSCStandard,
  author      = {{International Telecommunication Union}},
  title       = {{Z.120: Message Sequence Chart}},
  institution = {{International Telecommunication Union}},
  year        = {1992},
  url         = {https://www.itu.int/rec/T-REC-Z.120}
}

@techreport{HMSCStandard,
  author      = {{International Telecommunication Union}},
  title       = {{Z.120: Message Sequence Chart}},
  institution = {{International Telecommunication Union}},
  year        = {1996},
  url         = {https://www.itu.int/rec/T-REC-Z.120}
}

@misc{MSCTool,
  author       = {Belot Florent},
  title        = {{Drawing and Analyzing an MSC}},
  howpublished = {\url{https://belotflorent.github.io/MSC-Tool-SWI-Prolog/}},
  year         = {2024},
  note         = {[Online; accessed 15-August-2025]}
}

@misc{rescuoriginalrepo,
  author       = {Desgeorges, Loïc and Germerie Guizouarn, Loïc},
  title        = {{The original ReSCu repository}},
  howpublished = {\url{https://archive.softwareheritage.org/browse/origin/directory/?origin_url=https://src.koda.cnrs.fr/loic.germerie.guizouarn/rescu}},
  year         = {2025},
  note         = {[Online; accessed 20-August-2025]}
}

@misc{rescurepo,
  author       = {Germerie Guizouarn, Loïc and Genovese, Gabriele},
  title        = {{The updated ReSCu repository}},
  howpublished = {\url{https://github.com/gabrielegenovese/rescu}},
  year         = {2025},
  note         = {[Online; accessed 20-August-2025]}
}

@article{lohrey2003realizability,
  title     = {Realizability of high-level message sequence charts: closing the gaps},
  author    = {Lohrey, Markus},
  journal   = {Theoretical Computer Science},
  volume    = {309},
  number    = {1-3},
  pages     = {529--554},
  year      = {2003},
  publisher = {Elsevier}
}

@article{lohrey2004bounded,
  title     = {Bounded MSC communication},
  author    = {Lohrey, Markus and Muscholl, Anca},
  journal   = {Information and Computation},
  volume    = {189},
  number    = {2},
  pages     = {160--181},
  year      = {2004},
  publisher = {Elsevier}
}

@incollection{lamport2019time,
  title     = {Time, clocks, and the ordering of events in a distributed system},
  author    = {Lamport, Leslie},
  booktitle = {Concurrency: the Works of Leslie Lamport},
  pages     = {179--196},
  year      = {2019},
  publisher = {Communications of the ACM}
}

@inproceedings{heussner2012mcscm,
  title        = {McScM: a general framework for the verification of communicating machines},
  author       = {Heu{\ss}ner, Alexander and Le Gall, Tristan and Sutre, Gr{\'e}goire},
  booktitle    = {International Conference on Tools and Algorithms for the Construction and Analysis of Systems},
  pages        = {478--484},
  year         = {2012},
  organization = {Springer}
}

@phdthesis{guizouarn2023communicating,
  title  = {Communicating automata and quasi-synchronous communications},
  author = {Guizouarn, Lo{\"\i}c Germerie},
  year   = {2023},
  school = {Universit{\'e} C{\^o}te d'Azur}
}

@article{brand1983communicating,
  title     = {On communicating finite-state machines},
  author    = {Brand, Daniel and Zafiropulo, Pitro},
  journal   = {Journal of the ACM (JACM)},
  volume    = {30},
  number    = {2},
  pages     = {323--342},
  year      = {1983},
  publisher = {ACM New York, NY, USA}
}

@inproceedings{alur2000inference,
  title     = {Inference of message sequence charts},
  author    = {Alur, Rajeev and Etessami, Kousha and Yannakakis, Mihalis},
  booktitle = {Proceedings of the 22nd international conference on Software engineering},
  pages     = {304--313},
  year      = {2000}
}

@article{alur2003inference,
  title     = {Inference of message sequence charts},
  author    = {Alur, Rajeev and Etessami, Kousha and Yannakakis, Mihalis},
  journal   = {IEEE Transactions on Software Engineering},
  volume    = {29},
  number    = {7},
  pages     = {623},
  year      = {2003},
  publisher = {IEEE Computer Society}
}

@inproceedings{morin2002recognizable,
  title        = {Recognizable sets of message sequence charts},
  author       = {Morin, R{\'e}mi},
  booktitle    = {Annual Symposium on Theoretical Aspects of Computer Science},
  pages        = {523--534},
  year         = {2002},
  organization = {Springer}
}

@article{fu2004conversation,
  title     = {Conversation protocols: a formalism for specification and verification of reactive electronic services},
  author    = {Fu, Xiang and Bultan, Tevfik and Su, Jianwen},
  journal   = {Theoretical Computer Science},
  volume    = {328},
  number    = {1-2},
  pages     = {19--37},
  year      = {2004},
  publisher = {Elsevier}
}

@inproceedings{basu2011choreography,
  title     = {Choreography conformance via synchronizability},
  author    = {Basu, Samik and Bultan, Tevfik},
  booktitle = {Proceedings of the 20th international conference on World wide web},
  pages     = {795--804},
  year      = {2011}
}

@article{finkel2023synchronizability,
  title     = {Synchronizability of communicating finite state machines is not decidable},
  author    = {Finkel, Alain and Lozes, Etienne},
  journal   = {Logical Methods in Computer Science},
  volume    = {19},
  year      = {2023},
  publisher = {Episciences. org}
}

@inproceedings{barbanera2020choreography,
  title        = {Choreography automata},
  author       = {Barbanera, Franco and Lanese, Ivan and Tuosto, Emilio},
  booktitle    = {International Conference on Coordination Languages and Models},
  pages        = {86--106},
  year         = {2020},
  organization = {Springer}
}

@inproceedings{barbanera2022formal,
  title        = {Formal choreographic languages},
  author       = {Barbanera, Franco and Lanese, Ivan and Tuosto, Emilio},
  booktitle    = {International Conference on Coordination Languages and Models},
  pages        = {121--139},
  year         = {2022},
  organization = {Springer}
}

@inproceedings{DBLP:journals/corr/abs-2209-10328,
  author    = {Felix Stutz and
               Damien Zufferey},
  editor    = {Pierre Ganty and
               Dario Della Monica},
  title     = {Comparing Channel Restrictions of Communicating State Machines, High-level
               Message Sequence Charts, and Multiparty Session Types},
  booktitle = {Proceedings of the 13th International Symposium on Games, Automata,
               Logics and Formal Verification, GandALF 2022, Madrid, Spain, September
               21-23, 2022},
  series    = {{EPTCS}},
  volume    = {370},
  pages     = {194--212},
  year      = {2022},
  url       = {https://doi.org/10.4204/EPTCS.370.13},
  doi       = {10.4204/EPTCS.370.13}
}

@inproceedings{DBLP:conf/ecoop/Stutz23,
  author    = {Felix Stutz},
  editor    = {Karim Ali and
               Guido Salvaneschi},
  title     = {Asynchronous Multiparty Session Type Implementability is Decidable
               - Lessons Learned from Message Sequence Charts},
  booktitle = {37th European Conference on Object-Oriented Programming, {ECOOP} 2023,
               July 17-21, 2023, Seattle, Washington, United States},
  series    = {LIPIcs},
  volume    = {263},
  pages     = {32:1--32:31},
  publisher = {Schloss Dagstuhl - Leibniz-Zentrum f{\"{u}}r Informatik},
  year      = {2023},
  url       = {https://doi.org/10.4230/LIPIcs.ECOOP.2023.32}
}

@phdthesis{stutz2024implementability,
  title  = {Implementability of Asynchronous Communication Protocols--The Power of Choice},
  author = {Stutz, Felix},
  year   = {2024},
  school = {Rheinland-Pf{\"a}lzische Technische Universit{\"a}t Kaiserslautern-Landau}
}

@inproceedings{stutz2025automata,
  title        = {An Automata-theoretic Basis for Specification and Type Checking of Multiparty Protocols},
  author       = {Stutz, Felix and D’Osualdo, Emanuele},
  booktitle    = {European Symposium on Programming},
  pages        = {314--346},
  year         = {2025},
  organization = {Springer}
}

@inproceedings{li2023complete,
  title        = {Complete multiparty session type projection with automata},
  author       = {Li, Elaine and Stutz, Felix and Wies, Thomas and Zufferey, Damien},
  booktitle    = {International Conference on Computer Aided Verification},
  pages        = {350--373},
  year         = {2023},
  organization = {Springer}
}

@article{li2025characterizing,
  title     = {Characterizing Implementability of Global Protocols with Infinite States and Data},
  author    = {Li, Elaine and Stutz, Felix and Wies, Thomas and Zufferey, Damien},
  journal   = {Proceedings of the ACM on Programming Languages},
  volume    = {9},
  number    = {OOPSLA1},
  pages     = {1434--1463},
  year      = {2025},
  publisher = {ACM New York, NY, USA}
}

@article{castagna2012global,
  title     = {On global types and multi-party session},
  author    = {Castagna, Giuseppe and Dezani-Ciancaglini, Mariangiola and Padovani, Luca},
  journal   = {Logical Methods in Computer Science},
  volume    = {8},
  year      = {2012},
  publisher = {Episciences. org}
}

@article{carbone2012structured,
  title     = {Structured communication-centered programming for web services},
  author    = {Carbone, Marco and Honda, Kohei and Yoshida, Nobuko},
  journal   = {ACM Transactions on Programming Languages and Systems (TOPLAS)},
  volume    = {34},
  number    = {2},
  pages     = {1--78},
  year      = {2012},
  publisher = {ACM New York, NY, USA}
}

@article{di2023partial,
  title     = {A partial order view of message-passing communication models},
  author    = {Di Giusto, Cinzia and Ferr{\'e}, Davide and Laversa, Laetitia and Lozes, Etienne},
  journal   = {Proceedings of the ACM on Programming Languages},
  volume    = {7},
  number    = {POPL},
  pages     = {1601--1627},
  year      = {2023},
  publisher = {ACM New York, NY, USA}
}

@article{di2025realisability,
  title   = {Realisability and Complementability of Multiparty Session Types},
  author  = {Di Giusto, Cinzia and Lozes, Etienne and Urso, Pascal},
  journal = {arXiv preprint arXiv:2507.17354},
  year    = {2025}
}

@inproceedings{bollig2025high,
  title        = {High-Level Message Sequence Charts: Satisfiability and Realizability Revisited},
  author       = {Bollig, Benedikt and Fortin, Marie and Gastin, Paul},
  booktitle    = {International Conference on Applications and Theory of Petri Nets and Concurrency},
  pages        = {109--129},
  year         = {2025},
  organization = {Springer}
}

@inproceedings{desgeorges2023rsc,
  title        = {RSC to the ReSCu: Automated Verification of Systems of Communicating Automata},
  author       = {Desgeorges, Lo{\"\i}c and Germerie Guizouarn, Lo{\"\i}c},
  booktitle    = {International Conference on Coordination Languages and Models},
  pages        = {135--143},
  year         = {2023},
  organization = {Springer}
}

@article{di2023multiparty,
  title     = {Multiparty half-duplex systems and synchronous communications},
  author    = {Di Giusto, Cinzia and Guizouarn, Lo{\"\i}c Germerie and Lozes, Etienne},
  journal   = {Journal of Logical and Algebraic Methods in Programming},
  volume    = {131},
  pages     = {100843},
  year      = {2023},
  publisher = {Elsevier}
}

@article{BrandZafiropulo,
  address       = {New York, NY, USA},
  author        = {Brand, Daniel and Zafiropulo, Pitro},
  date-added    = {2024-04-24 22:22:40 +0900},
  date-modified = {2024-04-24 22:22:40 +0900},
  doi           = {10.1145/322374.322380},
  issn          = {0004-5411},
  issue_date    = {April 1983},
  journal       = {J. ACM},
  month         = {apr},
  number        = {2},
  numpages      = {20},
  pages         = {323--342},
  publisher     = {Association for Computing Machinery},
  title         = {On Communicating Finite-State Machines},
  url           = {https://doi.org/10.1145/322374.322380},
  volume        = {30},
  year          = {1983},
  bdsk-url-1    = {https://doi.org/10.1145/322374.322380}
}

@phdthesis{le2008abstract,
  title  = {Abstract lattices for the verification of systemes with stacks and queues},
  author = {Le Gall, Tristan},
  year   = {2008},
  school = {Universit{\'e} Rennes 1}
}

@inproceedings{DBLP:journals/corr/LaneseMZ13,
  author    = {Ivan Lanese and
               Fabrizio Montesi and
               Gianluigi Zavattaro},
  title     = {Amending Choreographies},
  booktitle = {Proceedings 9th International Workshop on Automated Specification
               and Verification of Web Systems, {WWV} 2013, Florence, Italy, 6th
               June 2013},
  series    = {{EPTCS}},
  volume    = {123},
  pages     = {34--48},
  year      = {2013},
  url       = {https://doi.org/10.4204/EPTCS.123.5},
  doi       = {10.4204/EPTCS.123.5}
}

@inproceedings{basu2016automated,
  title        = {Automated choreography repair},
  author       = {Basu, Samik and Bultan, Tevfik},
  booktitle    = {International Conference on Fundamental Approaches to Software Engineering},
  pages        = {13--30},
  year         = {2016},
  organization = {Springer}
}

@article{DBLP:journals/jlap/GuancialeT19,
  author  = {Roberto Guanciale and
             Emilio Tuosto},
  title   = {Realisability of pomsets},
  journal = {J. Log. Algebraic Methods Program.},
  volume  = {108},
  pages   = {69--89},
  year    = {2019},
  url     = {https://doi.org/10.1016/j.jlamp.2019.06.003}
}

@article{bultan2008specification,
  title     = {Specification of realizable service conversations using collaboration diagrams},
  author    = {Bultan, Tevfik and Fu, Xiang},
  journal   = {Service Oriented Computing and Applications},
  volume    = {2},
  number    = {1},
  pages     = {27--39},
  year      = {2008},
  publisher = {Springer}
}

@inproceedings{foster2003model,
  title        = {Model-based verification of web service compositions},
  author       = {Foster, Howard and Uchitel, Sebastian and Magee, Jeff and Kramer, Jeff},
  booktitle    = {18th IEEE International Conference on Automated Software Engineering, 2003. Proceedings.},
  pages        = {152--161},
  year         = {2003},
  organization = {IEEE}
}

@article{genest2006infinite,
  title     = {Infinite-state high-level MSCs: Model-checking and realizability},
  author    = {Genest, Blaise and Muscholl, Anca and Seidl, Helmut and Zeitoun, Marc},
  journal   = {Journal of Computer and System Sciences},
  volume    = {72},
  number    = {4},
  pages     = {617--647},
  year      = {2006},
  publisher = {Elsevier}
}

@inproceedings{honda1993types,
  title        = {Types for dyadic interaction},
  author       = {Honda, Kohei},
  booktitle    = {International Conference on Concurrency Theory},
  pages        = {509--523},
  year         = {1993},
  organization = {Springer}
}

@inproceedings{jespersen2015session,
  title     = {Session types for Rust},
  author    = {Jespersen, Thomas Bracht Laumann and Munksgaard, Philip and Larsen, Ken Friis},
  booktitle = {Proceedings of the 11th acm sigplan workshop on generic programming},
  pages     = {13--22},
  year      = {2015}
}

@article{lindley2016embedding,
  title     = {Embedding session types in Haskell},
  author    = {Lindley, Sam and Morris, J Garrett},
  journal   = {ACM SIGPLAN Notices},
  volume    = {51},
  number    = {12},
  pages     = {133--145},
  year      = {2016},
  publisher = {ACM New York, NY, USA}
}

@article{chen2020ferrite,
  title   = {Ferrite: A judgmental embedding of session types in Rust},
  author  = {Chen, Ruofei and Balzer, Stephanie and Toninho, Bernardo},
  journal = {arXiv preprint arXiv:2009.13619},
  year    = {2020}
}

@inproceedings{mostrous2011session,
  title        = {Session typing for a featherweight Erlang},
  author       = {Mostrous, Dimitris and Vasconcelos, Vasco T},
  booktitle    = {International Conference on Coordination Languages and Models},
  pages        = {95--109},
  year         = {2011},
  organization = {Springer}
}

@inproceedings{fahndrich2006language,
  title     = {Language support for fast and reliable message-based communication in Singularity OS},
  author    = {F{\"a}hndrich, Manuel and Aiken, Mark and Hawblitzel, Chris and Hodson, Orion and Hunt, Galen and Larus, James R and Levi, Steven},
  booktitle = {Proceedings of the 1st ACM SIGOPS/EuroSys European Conference on Computer Systems 2006},
  pages     = {177--190},
  year      = {2006}
}

@inproceedings{yoshida2013scribble,
  title        = {The scribble protocol language},
  author       = {Yoshida, Nobuko and Hu, Raymond and Neykova, Rumyana and Ng, Nicholas},
  booktitle    = {International Symposium on Trustworthy Global Computing},
  pages        = {22--41},
  year         = {2013},
  organization = {Springer}
}

@article{kouzapas2024session,
  title     = {A session type system for asynchronous unreliable broadcast communication},
  author    = {Kouzapas, Dimitrios and Gutkovas, Ramunas Forsberg and Voinea, A Laura and Gay, Simon J},
  journal   = {Logical Methods in Computer Science},
  volume    = {20},
  year      = {2024},
  publisher = {Episciences. org}
}


@inproceedings{das2021resource,
  title        = {Resource-aware session types for digital contracts},
  author       = {Das, Ankush and Balzer, Stephanie and Hoffmann, Jan and Pfenning, Frank and Santurkar, Ishani},
  booktitle    = {2021 IEEE 34th Computer Security Foundations Symposium (CSF)},
  pages        = {1--16},
  year         = {2021},
  organization = {IEEE}
}

@article{giallorenzo2024choral,
  title     = {Choral: Object-oriented choreographic programming},
  author    = {Giallorenzo, Saverio and Montesi, Fabrizio and Peressotti, Marco},
  journal   = {ACM Transactions on Programming Languages and Systems},
  volume    = {46},
  number    = {1},
  pages     = {1--59},
  year      = {2024},
  publisher = {ACM New York, NY}
}

@inproceedings{lanese2008bridging,
  title        = {Bridging the gap between interaction-and process-oriented choreographies},
  author       = {Lanese, Ivan and Guidi, Claudio and Montesi, Fabrizio and Zavattaro, Gianluigi},
  booktitle    = {2008 Sixth IEEE International Conference on Software Engineering and Formal Methods},
  pages        = {323--332},
  year         = {2008},
  organization = {IEEE}
}

@inproceedings{cruz2022functional,
  title        = {Functional choreographic programming},
  author       = {Cruz-Filipe, Lu{\'\i}s and Graversen, Eva and Lugovi{\'c}, Lovro and Montesi, Fabrizio and Peressotti, Marco},
  booktitle    = {International Colloquium on Theoretical Aspects of Computing},
  pages        = {212--237},
  year         = {2022},
  organization = {Springer}
}

@techreport{ws-cdl-2005,
  author      = {N. Kavantzas and D. Burdett and G. Ritzinger and T. Fletcher and Y. Lafon and C. Barreto},
  title       = {Web Services Choreography Description Language Version 1.0},
  institution = {World Wide Web Consortium (W3C)},
  year        = {2005},
  type        = {Technical Report},
  url         = {http://www.w3.org/TR/ws-cdl-10/},
  note        = {W3C Technical Report}
}


@article{boigelot1996symbolic,
  title     = {Symbolic verification of communication protocols with infinite state spaces using QDDs},
  author    = {Boigelot, Bernard and Godefroid, Patrice},
  journal   = {Formal Methods in System Design},
  volume    = {14},
  number    = {3},
  pages     = {237--255},
  year      = {1999},
  publisher = {Springer}
}


@article{akroun2018automated,
  title     = {Automated verification of automata communicating via FIFO and bag buffers},
  author    = {Akroun, Lakhdar and Sala{\"u}n, Gwen},
  journal   = {Formal Methods in System Design},
  volume    = {52},
  number    = {3},
  pages     = {260--276},
  year      = {2018},
  publisher = {Springer}
}

@inproceedings{akroun2016automated,
  title        = {Automated analysis of asynchronously communicating systems},
  author       = {Akroun, Lakhdar and Sala{\"u}n, Gwen and Ye, Lina},
  booktitle    = {International Symposium on Model Checking Software},
  pages        = {1--18},
  year         = {2016},
  organization = {Springer}
}

@inproceedings{lange2019verifying,
  title        = {Verifying asynchronous interactions via communicating session automata},
  author       = {Lange, Julien and Yoshida, Nobuko},
  booktitle    = {International Conference on Computer Aided Verification},
  pages        = {97--117},
  year         = {2019},
  organization = {Springer}
}

@inproceedings{cousot1977abstract,
  title     = {Abstract interpretation: a unified lattice model for static analysis of programs by construction or approximation of fixpoints},
  author    = {Cousot, Patrick and Cousot, Radhia},
  booktitle = {Proceedings of the 4th ACM SIGACT-SIGPLAN symposium on Principles of programming languages},
  pages     = {238--252},
  year      = {1977}
}

@article{padovani2017simple,
  title     = {A simple library implementation of binary sessions},
  author    = {Padovani, Luca},
  journal   = {Journal of Functional Programming},
  volume    = {27},
  pages     = {e4},
  year      = {2017},
  publisher = {Cambridge University Press}
}

@article{huttel2016foundations,
  title     = {Foundations of session types and behavioural contracts},
  author    = {H{\"u}ttel, Hans and Lanese, Ivan and Vasconcelos, Vasco T and Caires, Lu{\'\i}s and Carbone, Marco and Deni{\'e}lou, Pierre-Malo and Mostrous, Dimitris and Padovani, Luca and Ravara, Ant{\'o}nio and Tuosto, Emilio and others},
  journal   = {ACM Computing Surveys (CSUR)},
  volume    = {49},
  number    = {1},
  pages     = {1--36},
  year      = {2016},
  publisher = {ACM New York, NY, USA}
}

@article{DBLP:journals/ftpl/AnconaBB0CDGGGH16,
  author    = {Davide Ancona and
               Viviana Bono and
               Mario Bravetti and
               Joana Campos and
               Giuseppe Castagna and
               Pierre{-}Malo Deni{\'{e}}lou and
               Simon J. Gay and
               Nils Gesbert and
               Elena Giachino and
               Raymond Hu and
               Einar Broch Johnsen and
               Francisco Martins and
               Viviana Mascardi and
               Fabrizio Montesi and
               Rumyana Neykova and
               Nicholas Ng and
               Luca Padovani and
               Vasco T. Vasconcelos and
               Nobuko Yoshida},
  title     = {Behavioral Types in Programming Languages},
  journal   = {Found. Trends Program. Lang.},
  volume    = {3},
  number    = {2-3},
  pages     = {95--230},
  year      = {2016},
  url       = {https://doi.org/10.1561/2500000031},
  doi       = {10.1561/2500000031},
  timestamp = {Tue, 21 Mar 2023 21:16:07 +0100},
  biburl    = {https://dblp.org/rec/journals/ftpl/AnconaBB0CDGGGH16.bib},
  bibsource = {dblp computer science bibliography, https://dblp.org}
}

@article{scalas2019less,
  title     = {Less is more: multiparty session types revisited},
  author    = {Scalas, Alceste and Yoshida, Nobuko},
  journal   = {Proceedings of the ACM on Programming Languages},
  volume    = {3},
  number    = {POPL},
  pages     = {1--29},
  year      = {2019},
  publisher = {ACM New York, NY, USA}
}

@incollection{coppo2015gentle,
  title     = {A gentle introduction to multiparty asynchronous session types},
  author    = {Coppo, Mario and Dezani-Ciancaglini, Mariangiola and Padovani, Luca and Yoshida, Nobuko},
  booktitle = {International School on Formal Methods for the Design of Computer, Communication and Software Systems},
  pages     = {146--178},
  year      = {2015},
  publisher = {Springer}
}

@inproceedings{di2020k,
  title        = {On the k-synchronizability of systems},
  author       = {Di Giusto, Cinzia and Laversa, Laetitia and Lozes, Etienne},
  booktitle    = {23rd International Conference on Foundations of Software Science and Computer Systems (FOSSACS 2020)},
  volume       = {12077},
  pages        = {157--176},
  year         = {2020},
  organization = {Springer}
}
